@article{Athey2024,
  title   = {Machine learning who to nudge: Causal vs predictive targeting in a field experiment on student financial aid renewal},
  author  = {Athey, Susan and Keleher, Niall and Spiess, Jann},
  journal = {Journal of Econometrics},
  volume  = {249},
  pages   = {105945},
  year    = {2025},
  month   = may,
  doi     = {10.1016/j.jeconom.2024.105945},
  url     = {https://www.sciencedirect.com/science/article/pii/S0304407624002963},
}

@article{Athey2021,
  title   = {Policy Learning With Observational Data},
  author  = {Athey, Susan and Wager, Stefan},
  journal = {Econometrica},
  volume  = {89},
  number  = {1},
  pages   = {133--161},
  year    = {2021},
  doi     = {10.3982/ECTA15732},
  url     = {https://onlinelibrary.wiley.com/doi/abs/10.3982/ECTA15732},
}

@article{TabordMeehan2023,
  title   = {Stratification Trees for Adaptive Randomisation in Randomised Controlled Trials},
  author  = {Tabord-Meehan, Max},
  journal = {The Review of Economic Studies},
  volume  = {90},
  number  = {5},
  pages   = {2646--2673},
  year    = {2023},
  month   = oct,
  doi     = {10.1093/restud/rdac083},
  url     = {https://doi.org/10.1093/restud/rdac083},
}

@misc{Watson2023,
  title   = {Optimal Study Designs for Cluster Randomised Trials: An Overview of Methods and Results},
  author  = {Watson, Samuel I. and Girling, Alan and Hemming, Karla},
  year    = {2023},
  month   = jul,
  doi     = {10.48550/arXiv.2303.07953},
  url     = {http://arxiv.org/abs/2303.07953},
  publisher = {arXiv},
}

@article{Cristia2017,
  title   = {Technology and Child Development: Evidence from the One Laptop per Child Program},
  author  = {Cristia, Julian and Ibarrarán, Pablo and Cueto, Santiago and Santiago, Ana and Severín, Eugenio},
  journal = {American Economic Journal: Applied Economics},
  volume  = {9},
  number  = {3},
  pages   = {295--320},
  year    = {2017},
  month   = jul,
  doi     = {10.1257/app.20150385},
  url     = {https://www.aeaweb.org/articles?id=10.1257/app.20150385},
}

@article{Angrist2002,
  title   = {New Evidence on Classroom Computers and Pupil Learning},
  author  = {Angrist, Joshua and Lavy, Victor},
  journal = {The Economic Journal},
  volume  = {112},
  number  = {482},
  pages   = {735--765},
  year    = {2002},
  doi     = {10.1111/1468-0297.00068},
  url     = {https://onlinelibrary.wiley.com/doi/abs/10.1111/1468-0297.00068},
}

@article{Cohen1973,
  title   = {Statistical Power Analysis and Research Results},
  author  = {Cohen, Jacob},
  journal = {American Educational Research Journal},
  volume  = {10},
  number  = {3},
  pages   = {225--229},
  year    = {1973},
  doi     = {10.2307/1161884},
  url     = {https://www.jstor.org/stable/1161884},
}

@article{Higbee2024,
  title   = {Experimental Design for Policy Choice},
  author  = {Higbee, Samuel D.},
  year    = {2024},
}

@inproceedings{Lee2019,
  title     = {General Identifiability with Arbitrary Surrogate Experiments},
  author    = {Lee, Sanghack and Correa, Juan D. and Bareinboim, Elias},
  booktitle = {Proceedings of the 35th Conference on Uncertainty in Artificial Intelligence (UAI)},
  pages     = {389--398},
  year      = {2019},
  url       = {https://proceedings.mlr.press/v115/lee20b.html},
}



