@article{Mello,
  title = {Fines and {Financial} {Wellbeing}},
  volume = {92},
  copyright = {https://academic.oup.com/pages/standard-publication-reuse-rights},
  issn = {0034-6527, 1467-937X},
  url = {https://academic.oup.com/restud/article/92/5/3340/7906239},
  doi = {10.1093/restud/rdae111},
  language = {en},
  number = {5},
  urldate = {2025-09-10},
  journal = {Review of Economic Studies},
  author = {Mello, Steven},
  month = sep,
  year = {2025},
  pages = {3340--3374}
}

@misc{Allen,
  address = {Rochester, NY},
  type = {{SSRN} {Scholarly} {Paper}},
  title = {To {Tow} or {Not} to {Tow}: {The} {Deterrence} {Effect} of a {Municipal} {Ordinance}},
  shorttitle = {To {Tow} or {Not} to {Tow}},
  url = {https://papers.ssrn.com/abstract=1133747},
  doi = {10.2139/ssrn.1133747},
  language = {en},
  urldate = {2025-09-10},
  publisher = {Social Science Research Network},
  author = {Allen, Ronald J. and Marks, Alexia Brunet},
  month = may,
  year = {2008},
  keywords = {Deterrence, Municipal Law}
}

@misc{Kessler,
  address = {Rochester, NY},
  type = {{SSRN} {Scholarly} {Paper}},
  title = {Do {Fines} {Cause} {Financial} {Distress}? {Evidence} {From} {Chicago}},
  shorttitle = {Do {Fines} {Cause} {Financial} {Distress}?},
  url = {https://papers.ssrn.com/abstract=3592985},
  doi = {10.2139/ssrn.3592985},
  language = {en},
  urldate = {2025-09-10},
  publisher = {Social Science Research Network},
  author = {Kessler, Ryan E.},
  month = may,
  year = {2020},
  keywords = {Bankruptcy, Financial Well-Being, Fines, Legal Financial Obligations}
}

@article{Athey,
  title = {Identification and {Inference} in {Nonlinear} {Difference}-in-{Differences} {Models}},
  volume = {74},
  issn = {1468-0262},
  url = {https://onlinelibrary.wiley.com/doi/abs/10.1111/j.1468-0262.2006.00668.x},
  doi = {10.1111/j.1468-0262.2006.00668.x},
  language = {en},
  number = {2},
  urldate = {2025-09-19},
  journal = {Econometrica},
  author = {Athey, Susan and Imbens, Guido W.},
  year = {2006},
  keywords = {Difference-in-differences, heterogenous treatment effects, identification, nonlinear models, nonparametric estimation},
  pages = {431--497}
}

